
@article{dean2008mapreduce,
  title     = {{M}ap{R}educe: simplified data processing on large clusters},
  author    = {Dean, Jeffrey and Ghemawat, Sanjay},
  journal   = {Comm. of the ACM},
  volume    = {51},
  number    = {1},
  pages     = {107--113},
  year      = {2008},
  publisher = {ACM}
}

@article{zaharia2016apache,
  title     = {Apache {S}park: a unified engine for big data processing},
  author    = {Zaharia, Matei and Xin, Reynold S and Wendell, Patrick and Das, Tathagata and Armbrust, Michael and Dave, Ankur and Meng, Xiangrui and Rosen, Josh and Venkataraman, Shivaram and Franklin, Michael J and others},
  journal   = {Comm. of the ACM},
  volume    = {59},
  number    = {11},
  pages     = {56--65},
  year      = {2016},
  publisher = {ACM}
}

@inproceedings{rocklin2015dask,
  title        = {Dask: Parallel computation with blocked algorithms and task scheduling},
  author       = {Rocklin, Matthew},
  booktitle    = {Proc. of the 14th Python in Science Conference},
  pages        = {130-136},
  year         = {2015},
  organization = {Citeseer}
}

@article{mehta2017comparative,
  title     = {Comparative evaluation of {B}ig-{D}ata systems on scientific image analytics workloads},
  author    = {Mehta, Parmita and Dorkenwald, Sven and Zhao, Dongfang and Kaftan, Tomer and Cheung, Alvin and Balazinska, Magdalena and Rokem, Ariel and Connolly, Andrew and Vanderplas, Jacob and AlSayyad, Yusra},
  journal   = {Proc. of the VLDB Endowment},
  volume    = {10},
  number    = {11},
  pages     = {1226--1237},
  year      = {2017},
  publisher = {VLDB Endowment}
}

@inproceedings{shvachko2010hadoop,
  title        = {The {H}adoop distributed file system},
  author       = {Shvachko, Konstantin and Kuang, Hairong and Radia, Sanjay and Chansler, Robert},
  booktitle    = {Mass storage systems and technologies (MSST), 2010 IEEE 26th symposium on},
  pages        = {1--10},
  year         = {2010},
  organization = {IEEE}
}

@phdthesis{alluxio,
  title  = {Alluxio: A virtual distributed file system},
  author = {Li, Haoyuan},
  year   = {2018},
  school = {{UC} {B}erkeley}
}

@inproceedings{lustre,
  title     = {{Lustre: Building a file system for 1000-node clusters}},
  author    = {Schwan, Philip and others},
  booktitle = {Proc. of the 2003 Linux symposium},
  volume    = {2003},
  pages     = {380--386},
  year      = {2003}
} 

@article{infiniband,
  title   = {An introduction to the {I}nfini{B}and architecture},
  author  = {Pfister, Gregory F},
  journal = {High performance mass storage and parallel I/O},
  volume  = {42},
  number  = {617-632},
  pages   = {102},
  year    = {2001}
}

@inproceedings{hdfs,
  title        = {The {H}adoop distributed file system},
  author       = {Shvachko, Konstantin and Kuang, Hairong and Radia, Sanjay and Chansler, Robert},
  booktitle    = {Mass storage systems and technologies (MSST), 2010 IEEE 26th symposium on},
  pages        = {1--10},
  year         = {2010},
  organization = {Ieee}
}

@article{bb,
  title    = {Performance characterization of scientific workflows for the optimal use of Burst Buffers},
  journal  = {Future Generation Computer Systems},
  volume   = {110},
  pages    = {468-480},
  year     = {2020},
  issn     = {0167-739X},
  doi      = {https://doi.org/10.1016/j.future.2017.12.022},
  url      = {https://www.sciencedirect.com/science/article/pii/S0167739X16308287},
  author   = {C.S. Daley and D. Ghoshal and G.K. Lockwood and S. Dosanjh and L. Ramakrishnan and N.J. Wright},
  keywords = {Burst Buffer, DataWarp, Workflow, HPC}
}

@inproceedings{pagecache,
  title     = {{P}age {R}eplacement in {L}inux 2.4 {M}emory {M}anagement.},
  author    = {Van Riel, Rik},
  booktitle = {{USENIX} {A}nnual {T}echnical {C}onference, {FREENIX} {T}rack},
  pages     = {165--172},
  year      = {2001}
}
@inproceedings{tofuse,
  title     = {To {FUSE} or Not to {FUSE}: Performance of User-Space File Systems},
  author    = {Vangoor, Bharath Kumar Reddy and Tarasov, Vasily and Zadok, Erez},
  booktitle = {15th {USENIX} Conference on File and Storage Technologies ({FAST} 17)},
  pages     = {59--72},
  year      = {2017}
}

@article{xtreemfs,
  title   = {The {X}treem{FS} {A}rchitecture},
  author  = {Cesario, Eugenio and Cortes, Toni and Focht, Erich and Hess, Matthias and Hupfeld, Felix and Kolbeck, Bj{\"o}rn and Malo, Jes{\'u}s and Mart{\'\i}, Jonathan and Stender, Jan},
  journal = {Linux {T}ag},
  year    = {2007}
}

@article{quinson,
  title  = {Real-time online emulation of real applications on SimGrid with Simterpose},
  author = {Bessad, Louisa and Quinson, Martin and Monnet, S{\'e}bastien},
  year   = {2015}
}


@inproceedings{gekkofs,
  author    = {Vef, Marc-André and Moti, Nafiseh and Süß, Tim and Tocci, Tommaso and Nou, Ramon and Miranda, Alberto and Cortes, Toni and Brinkmann, André},
  booktitle = {2018 IEEE International Conference on Cluster Computing (CLUSTER)},
  title     = {GekkoFS - A Temporary Distributed File System for HPC Applications},
  year      = {2018},
  volume    = {},
  number    = {},
  pages     = {319-324},
  doi       = {10.1109/CLUSTER.2018.00049}
}


@inproceedings{burstfs,
  author    = {Wang, Teng and Mohror, Kathryn and Moody, Adam and Sato, Kento and Yu, Weikuan},
  booktitle = {SC '16: Proceedings of the International Conference for High Performance Computing, Networking, Storage and Analysis},
  title     = {An Ephemeral Burst-Buffer File System for Scientific Applications},
  year      = {2016},
  volume    = {},
  number    = {},
  pages     = {807-818},
  doi       = {10.1109/SC.2016.68}
}

@article{amunts2013bigbrain,
  title     = {{BigBrain}: an ultrahigh-resolution {3D} human brain model},
  author    = {Amunts, Katrin and Lepage, Claude and Borgeat, Louis and Mohlberg, Hartmut and Dickscheid, Timo and Rousseau, Marc-{\'E}tienne and Bludau, Sebastian and Bazin, Pierre-Louis and Lewis, Lindsay B and Oros-Peusquens, Ana-Maria and others},
  journal   = {Science},
  volume    = {340},
  number    = {6139},
  pages     = {1472--1475},
  year      = {2013},
  publisher = {American Association for the Advancement of Science}
}

@incollection{hdf5,
  title     = {Hierarchical data format 5: {HDF5}},
  author    = {Koranne, Sandeep},
  booktitle = {Handbook of open source tools},
  pages     = {191--200},
  year      = {2011},
  publisher = {Springer}
}

@misc{zarr,
  author    = {Alistair Miles and
               jakirkham and
               Matthias Bussonnier and
               Martin Durant and
               Josh Moore and
               Andrew Fulton and
               James Bourbeau and
               Tarik Onalan and
               Joe Hamman and
               Zain Patel and
               Matthew Rocklin and
               Ryan Abernathey and
               Elliott Sales de Andrade and
               Vincent Schut and
               raphael dussin and
               Gregory R. Lee and
               Charles Noyes and
               Davis Bennett and
               shikharsg and
               Chris Barnes and
               Aleksandar Jelenak and
               Anderson Banihirwe and
               David Baddeley and
               Eric Younkin and
               George Sakkis and
               Ian Hunt-Isaak and
               Jan Funke and
               Jerome Kelleher and
               Joe Jevnik},
  title     = {zarr-developers/zarr-python: v2.8.3},
  month     = jul,
  year      = 2021,
  publisher = {Zenodo},
  version   = {v2.8.3},
  doi       = {10.5281/zenodo.5091549},
  url       = {https://doi.org/10.5281/zenodo.5091549}
}

@article{wagner2022fairly,
  title     = {{FAIRly} big: {A} framework for computationally reproducible processing of large-scale data},
  author    = {Wagner, Adina S and Waite, Laura K and Wierzba, Ma{\l}gorzata and Hoffstaedter, Felix and Waite, Alexander Q and Poldrack, Benjamin and Eickhoff, Simon B and Hanke, Michael},
  journal   = {Scientific Data},
  volume    = {9},
  number    = {1},
  pages     = {1--17},
  year      = {2022},
  publisher = {Nature Publishing Group}
}

@inproceedings{jarecka2020pydra,
  title     = {Pydra-a flexible and lightweight dataflow engine for scientific analyses},
  author    = {Jarecka, Dorota and Goncalves, Mathias and Markiewicz, Christopher J and Esteban, Oscar and Lo, Nicole and Kaczmarzyk, Jakub and Ghosh, Satrajit},
  booktitle = {Proceedings of the 19th python in science conference},
  volume    = {132},
  pages     = {139},
  year      = {2020}
}

@article{esteban2019fmriprep,
  title     = {fMRIPrep: a robust preprocessing pipeline for functional MRI},
  author    = {Esteban, Oscar and Markiewicz, Christopher J and Blair, Ross W and Moodie, Craig A and Isik, A Ilkay and Erramuzpe, Asier and Kent, James D and Goncalves, Mathias and DuPre, Elizabeth and Snyder, Madeleine and others},
  journal   = {Nature methods},
  volume    = {16},
  number    = {1},
  pages     = {111--116},
  year      = {2019},
  publisher = {Nature Publishing Group}
}

